
                </auth>
                <auth id="xv8b90fg1gtjl63">
                    <record xmlns="http://www.loc.gov/MARC21/slim" type="Authority">
                        <leader>     cz  a       n  4500</leader>
                        <controlfield tag="001">150284</controlfield>
                        <controlfield tag="005">20140512114147.0</controlfield>
                        <controlfield tag="008">020409n| az|nnbabn          |n ana     |</controlfield>
                        <datafield ind1=" " ind2=" " tag="035">
                            <subfield code="a">(sao)18372</subfield>
                        </datafield>
                        <datafield ind1=" " ind2=" " tag="040">
                            <subfield code="a">NB</subfield>
                            <subfield code="b">swe</subfield>
                            <subfield code="f">sao</subfield>
                        </datafield>
                        <datafield ind1=" " ind2=" " tag="065">
                            <subfield code="a">Gva</subfield>
                            <subfield code="2">kssb/7</subfield>
                        </datafield>
                        <datafield ind1=" " ind2=" " tag="150">
                            <subfield code="a">Kinesisk litteratur</subfield>
                            <subfield code="x">historia</subfield>
                        </datafield>
                        <datafield ind1=" " ind2=" " tag="450">
                            <subfield code="w">||e</subfield>
                            <subfield code="a">Kinesisk litteraturhistoria</subfield>
                        </datafield>
                        <datafield ind1=" " ind2=" " tag="688">
                            <subfield code="a">Tidigare Kinesisk litteraturhistoria. Ändrat 2003-02-27-</subfield>
                        </datafield>
                        <datafield ind1=" " ind2=" " tag="887">
                            <subfield code="a">{"@id":"xv8b90fg1gtjl63","modified":"2014-05-12T11:41:47+02:00","checksum":"17256433887"}</subfield>
                            <subfield code="2">librisxl</subfield>
                        </datafield>
                    </record>
                </auth>
            </about>
            <about>
                <agent name="https://libris.kb.se/sys/globalchanges/2018/10/fix-unbalanced-brackets.groovy"/>
            </about>
        </record>
    </GetRecord>
</OAI-PMH>